@article{babel2012evidence,
  title={{Evidence for phonetic and social selectivity in spontaneous phonetic imitation}},
  author={Babel, Molly},
  journal={Journal of Phonetics},
  volume={40},
  number={1},
  pages={177--189},
  year={2012},
  publisher={Elsevier}
}

@article{babel2010dialect,
	title={{Dialect divergence and convergence in New Zealand English}},
	author={Babel, Molly},
	journal={Language in Society},
	pages={437--456},
	year={2010},
	publisher={JSTOR}
}

@article{babel2012role,
	title={{The role of fundamental frequency in phonetic accommodation}},
	author={Babel, Molly and Bulatov, Dasha},
	journal={Language and speech},
	volume={55},
	number={2},
	pages={231--248},
	year={2012},
	publisher={Sage Publications Sage UK: London, England}
}

@article{pardo2006phonetic,
	title={{On phonetic convergence during conversational interaction}},
	author={Pardo, Jennifer S},
	journal={The Journal of the Acoustical Society of America},
	volume={119},
	number={4},
	pages={2382--2393},
	year={2006},
	publisher={Acoustical Society of America}
}

@incollection{pardo2010expressing,
	title={{Expressing oneself in conversational interaction}},
	author={Pardo, Jennifer S},
	editor = {Ezequiel Morsella},
	booktitle={{Expressing oneself/expressing one’s self: Communication, cognition, language, and identity}},
	pages={183--196},
	year={2010},
	publisher={London: Taylor \& Francis}
}


@article{tobin2017phonetic,
	title={{Phonetic drift in Spanish-English bilinguals: Experiment and a self-organizing model}},
	author={Tobin, Stephen J and Nam, Hosung and Fowler, Carol A},
	journal={Journal of phonetics},
	volume={65},
	pages={45--59},
	year={2017},
	publisher={Elsevier}
}

@article{bullock2009trying,
	title={{Trying to hit a moving target: On the sociophonetics of code-switching}},
	author={Bullock, Barbara E and Toribio, Almeida Jacqueline},
	journal={Multidisciplinary approaches to code switching},
	volume={41},
	pages={189--206},
	year={2009},
	publisher={John Benjamins Publishing Amsterdam, The Netherlands}
}

@article{antoniou2011inter,
	title={{Inter-language interference in VOT production by L2-dominant bilinguals: Asymmetries in phonetic code-switching}},
	author={Antoniou, Mark and Best, Catherine T and Tyler, Michael D and Kroos, Christian},
	journal={Journal of Phonetics},
	volume={39},
	number={4},
	pages={558--570},
	year={2011},
	publisher={Elsevier}
}

@book{khattab2009phonetic,
	title={{Phonetic accommodation in children's code-switching}},
	author={Khattab, Ghada},
	year={2009},
	publisher={na}
}

@article{grosjean1994going,
	title={{Going in and out of languages: An example of bilingual flexibility}},
	author={Grosjean, Fran{\c{c}}ois and Miller, Joanne L},
	journal={Psychological science},
	volume={5},
	number={4},
	pages={201--206},
	year={1994},
	publisher={SAGE Publications Sage CA: Los Angeles, CA}
}

@article{kim2011phonetic,
	title={{Phonetic convergence in spontaneous conversations as a function of interlocutor language distance}},
	author={Kim, Midam and Horton, William S and Bradlow, Ann R},
	journal={Laboratory phonology},
	volume={2},
	number={1},
	pages={125--156},
	year={2011},
	publisher={De Gruyter Mouton}
}

@article{kraljic2008accommodating,
	title={{Accommodating variation: Dialects, idiolects, and speech processing}},
	author={Kraljic, Tanya and Brennan, Susan E and Samuel, Arthur G},
	journal={Cognition},
	volume={107},
	number={1},
	pages={54--81},
	year={2008},
	publisher={Elsevier}
}

@article{sancier1997gestural,
	title={{Gestural drift in a bilingual speaker of Brazilian Portuguese and English}},
	author={Sancier, Michele L and Fowler, Carol A and others},
	journal={Journal of phonetics},
	volume={25},
	number={4},
	pages={421--436},
	year={1997},
	publisher={Elsevier Science}
}

@article{chang2012rapid,
	title={{Rapid and multifaceted effects of second-language learning on first-language speech production}},
	author={Chang, Charles B},
	journal={Journal of phonetics},
	volume={40},
	number={2},
	pages={249--268},
	year={2012},
	publisher={Elsevier}
}

@article{guion2003vowel,
	title={{The vowel systems of Quichua-Spanish bilinguals}},
	author={Guion, Susan G},
	journal={Phonetica},
	volume={60},
	number={2},
	pages={98--128},
	year={2003},
	publisher={Karger Publishers}
}

@article{fadlon2019using,
	title={{Using what's there: Bilinguals adaptively rely on orthographic and color cues to achieve language control}},
	author={Fadlon, Julie and Li, Chuchu and Prior, Anat and Gollan, Tamar H},
	journal={Cognition},
	volume={191},
	pages={103990},
	year={2019},
	publisher={Elsevier}
}

@article{kraljic2005perceptual,
	title={{Perceptual learning for speech: Is there a return to normal?}},
	author={Kraljic, Tanya and Samuel, Arthur G},
	journal={Cognitive psychology},
	volume={51},
	number={2},
	pages={141--178},
	year={2005},
	publisher={Elsevier}
}

@article{maye2008weckud,
	title={{The weckud wetch of the wast: Lexical adaptation to a novel accent}},
	author={Maye, Jessica and Aslin, Richard N and Tanenhaus, Michael K},
	journal={Cognitive Science},
	volume={32},
	number={3},
	pages={543--562},
	year={2008},
	publisher={Wiley Online Library}
}

@article{mack1989consonant,
	title={{Consonant and vowel perception and production: Early English-French bilinguals and English monolinguals}},
	author={Mack, Molly},
	journal={Perception \& Psychophysics},
	volume={46},
	number={2},
	pages={187--200},
	year={1989},
	publisher={Springer}
}

@article{bell2006speech,
	title={{Speech accommodation theory and audience design}},
	author={Bell, Allan},
	year={2006},
	publisher={Elsevier}
}

@article{cooper2018training,
	title={{Training-induced pattern-specific phonetic adjustments by first and second language listeners}},
	author={Cooper, Angela and Bradlow, Ann},
	journal={Journal of phonetics},
	volume={68},
	pages={32--49},
	year={2018},
	publisher={Elsevier}
}

@article{sjerps2011listening,
	title={{Listening to different speakers: On the time-course of perceptual compensation for vocal-tract characteristics}},
	author={Sjerps, Matthias J and Mitterer, Holger and McQueen, James M},
	journal={Neuropsychologia},
	volume={49},
	number={14},
	pages={3831--3846},
	year={2011},
	publisher={Elsevier}
}

@article{best1995direct,
	title={{A direct realist view of cross-language speech perception}},
	author={Best, Catherine T},
	journal={Speech perception and linguistic experience},
	pages={171--206},
	year={1995},
	publisher={York Press}
}

@article{mcgurk1976hearing,
	title={{Hearing lips and seeing voices}},
	author={McGurk, Harry and MacDonald, John},
	journal={Nature},
	volume={264},
	number={5588},
	pages={746--748},
	year={1976},
	publisher={Nature Publishing Group}
}

@article{bertelson2003visual,
	title={{Visual recalibration of auditory speech identification: a McGurk aftereffect}},
	author={Bertelson, Paul and Vroomen, Jean and De Gelder, B{\'e}atrice},
	journal={Psychological Science},
	volume={14},
	number={6},
	pages={592--597},
	year={2003},
	publisher={SAGE Publications Sage CA: Los Angeles, CA}
}

@article{van2007recalibration,
	title={{Recalibration of phonetic categories by lipread speech versus lexical information}},
	author={Van Linden, Sabine and Vroomen, Jean},
	journal={Journal of Experimental Psychology: Human Perception and Performance},
	volume={33},
	number={6},
	pages={1483},
	year={2007},
	publisher={American Psychological Association}
}

@article{eisner2005specificity,
	title={{The specificity of perceptual learning in speech processing}},
	author={Eisner, Frank and McQueen, James M},
	journal={Perception \& psychophysics},
	volume={67},
	number={2},
	pages={224--238},
	year={2005},
	publisher={Springer}
}

@article{norris2003perceptual,
	title={{Perceptual learning in speech}},
	author={Norris, Dennis and McQueen, James M and Cutler, Anne},
	journal={Cognitive psychology},
	volume={47},
	number={2},
	pages={204--238},
	year={2003},
	publisher={Elsevier}
}

@article{samuel1986red,
	title={{Red herring detectors and speech perception: In defense of selective adaptation}},
	author={Samuel, Arthur G},
	journal={Cognitive psychology},
	volume={18},
	number={4},
	pages={452--499},
	year={1986},
	publisher={Elsevier}
}

@article{mitterer2008link,
	title={{The link between speech perception and production is phonological and abstract: Evidence from the shadowing task}},
	author={Mitterer, Holger and Ernestus, Mirjam},
	journal={Cognition},
	volume={109},
	number={1},
	pages={168--173},
	year={2008},
	publisher={Elsevier}
}

@article{article,
	author = {Gargesh, Ravinder},
	year = {2008},
	month = {01},
	pages = {231-243},
	title = {{Indian English: Phonology}},
	journal = {Varieties of English 4: Africa, South and Southeast Asia}
}

@article{thundy1976origins,
	title={{The origins of Indian English}},
	author={Thundy, Zacharias},
	journal={CIEFL Bulletin (Hyderabad)},
	volume={12},
	pages={29--40},
	year={1976}
}

@article{masica1972sound,
	title={{The Sound System of Indian English. Monograph No. 7.}},
	author={Masica, Colin},
	year={1972},
	publisher={ERIC}
}

@article{lecumberri2010non,
	title={{Non-native speech perception in adverse conditions: A review}},
	author={Lecumberri, Maria Luisa Garcia and Cooke, Martin and Cutler, Anne},
	journal={Speech communication},
	volume={52},
	number={11-12},
	pages={864--886},
	year={2010},
	publisher={Elsevier}
}

@article{bruggeman2020no,
	title={{No L1 privilege in talker adaptation}},
	author={Bruggeman, Laurence and Cutler, Anne},
	journal={Bilingualism: Language and Cognition},
	volume={23},
	number={3},
	pages={681--693},
	year={2020},
	publisher={Cambridge University Press}
}

@article{chan2020lexically,
	title={{Lexically-guided perceptual learning in early Cantonese-English bilinguals}},
	author={Chan, Leighanne and Johnson, Khia and Babel, Molly},
	journal={The Journal of the Acoustical Society of America},
	volume={147},
	number={3},
	pages={EL277--EL282},
	year={2020},
	publisher={Acoustical Society of America}
}

@article{chladkova2017perceptual,
	title={{Perceptual adaptation of vowels generalizes across the phonology and does not require local context}},
	author={Chl{\'a}dkov{\'a}, Kate{\v{r}}ina and Podlipsk{\`y}, V{\'a}clav Jon{\'a}{\v{s}} and Chionidou, Anastasia},
	journal={Journal of Experimental Psychology: Human Perception and Performance},
	volume={43},
	number={2},
	pages={414},
	year={2017},
	publisher={American Psychological Association}
}

@article{mitterer2009foreign,
	title={{Foreign subtitles help but native-language subtitles harm foreign speech perception}},
	author={Mitterer, Holger and McQueen, James M},
	journal={PloS one},
	volume={4},
	number={11},
	pages={e7785},
	year={2009},
	publisher={Public Library of Science}
}

@inproceedings{cutler2019criterial,
	title={{A criterial interlocutor tally for successful talker adaptation?}},
	author={Cutler, Anne and Burchfield, Ann and Antoniou, Mark},
	booktitle={19th International Congress of Phonetic Sciences (ICPhS 2019)},
	pages={1485--1489},
	year={2019},
	organization={Australasian Speech Science and Technology Association Inc.}
}

@article{llompart2019imitation,
	title={{Imitation in a second language relies on phonological categories but does not reflect the productive usage of difficult sound contrasts}},
	author={Llompart, Miquel and Reinisch, Eva},
	journal={Language and Speech},
	volume={62},
	number={3},
	pages={594--622},
	year={2019},
	publisher={SAGE Publications Sage UK: London, England}
}

@article{reinisch2013listeners,
	title={{Listeners retune phoneme categories across languages}},
	author={Reinisch, Eva and Weber, Andrea and Mitterer, Holger},
	journal={Journal of Experimental Psychology: Human Perception and Performance},
	volume={39},
	number={1},
	pages={75},
	year={2013},
	publisher={American Psychological Association}
}

@article{zheng2019relationship,
	title={{The relationship between phonemic category boundary changes and perceptual adjustments to natural accents}},
	author={Zheng, Yi and Samuel, Arthur G},
	journal={Journal of Experimental Psychology: Learning, Memory, and Cognition},
	year={2019},
	publisher={American Psychological Association}
}

@article{babel2019social,
	title={Do social preferences matter in lexical retuning?},
	author={Babel, Molly and Senior, Brianne and Bishop, Sophie},
	journal={Laboratory Phonology: Journal of the Association for Laboratory Phonology},
	volume={10},
	number={1},
	year={2019},
	publisher={Ubiquity Press}
}

@article{cutler2000constraints,
	title={Constraints of vowels and consonants on lexical selection: Cross-linguistic comparisons},
	author={Cutler, Anne and Sebasti{\'a}n-Gall{\'e}s, Nuria and Soler-Vilageliu, Olga and Van Ooijen, Brit},
	journal={Memory \& cognition},
	volume={28},
	number={5},
	pages={746--755},
	year={2000},
	publisher={Springer}
}

@article{gullifer2019characterizing,
	title={Characterizing the social diversity of bilingualism using language entropy},
	author={Gullifer, Jason W and Titone, Debra},
	journal={Bilingualism: Language and cognition},
	volume={94},
	number={1},
	pages={1--18},
	year={2019}
}

@article{kraljic2008first,
	title={First impressions and last resorts: How listeners adjust to speaker variability},
	author={Kraljic, Tanya and Samuel, Arthur G and Brennan, Susan E},
	journal={Psychological science},
	volume={19},
	number={4},
	pages={332--338},
	year={2008},
	publisher={SAGE Publications Sage CA: Los Angeles, CA}
}

@article{language_switching_questionnaire,
	title={Self-assessment of individual differences in language switching},
	author={Rodriguez-Fornells, Antoni and Kramer, Ulrike and Lorenzo-Seva, Urbano and Festman, Julia and M{\"u}nte, Thomas F},
	journal={Frontiers in Psychology},
	volume={2},
	pages={388},
	year={2012},
	publisher={Frontiers}
}

@article{wiener2016constraints,
	title={Constraints of tones, vowels and consonants on lexical selection in Mandarin Chinese},
	author={Wiener, Seth and Turnbull, Rory},
	journal={Language and speech},
	volume={59},
	number={1},
	pages={59--82},
	year={2016},
	publisher={Sage Publications Sage UK: London, England}
}

@article{xie2017more,
	title={More than a boundary shift: Perceptual adaptation to foreign-accented speech reshapes the internal structure of phonetic categories.},
	author={Xie, Xin and Theodore, Rachel M and Myers, Emily B},
	journal={Journal of Experimental Psychology: Human Perception and Performance},
	volume={43},
	number={1},
	pages={206},
	year={2017},
	publisher={American Psychological Association}
}

@article{sirsa2013effects,
	title={{The effects of native language on Indian English sounds and timing patterns}},
	author={Sirsa, Hema and Redford, Melissa A},
	journal={Journal of phonetics},
	volume={41},
	number={6},
	pages={393--406},
	year={2013},
	publisher={Elsevier}
}

@inproceedings{cutler2018factors,
	title={Factors affecting talker adaptation in a second language},
	author={Cutler, Anne and Burchfield, L and Antoniou, Mark},
	booktitle={The 17th Australasian International Conference on Speech Science and Technology (SST 2018)},
	pages={33--36},
	year={2018}
}

@inproceedings{drozdova2014phoneme,
	title={Phoneme category retuning in a non-native language},
	author={Drozdova, Polina and Hout, Roeland van and Scharenborg, Odette},
	booktitle={Fifteenth Annual Conference of the International Speech Communication Association},
	year={2014}
}

@article{drozdova2016lexically,
	title={Lexically-guided perceptual learning in non-native listening},
	author={Drozdova, Polina and Van Hout, Roeland and Scharenborg, Odette},
	journal={Bilingualism: Language and Cognition},
	volume={19},
	number={5},
	pages={914--920},
	year={2016},
	publisher={Cambridge University Press}
}

@inproceedings{franken2017audiovisual,
	title={Audiovisual recalibration of vowel categories},
	author={Franken, Matthias K and Eisner, Frank and Schoffelen, Jan-Mathijs and Acheson, Daniel J and Hagoort, Peter and McQueen, James M},
	booktitle={Interspeech 2017},
	pages={655--658},
	year={2017}
}

@inproceedings{hanulikova2017lexical,
	title={Lexical Adaptation to a Novel Accent in German: A Comparison Between German, Swedish, and Finnish Listeners.},
	author={Hanul{\'\i}kov{\'a}, Adriana and Ekstr{\"o}m, Jenny},
	booktitle={INTERSPEECH},
	pages={1784--1788},
	year={2017}
}

@article{kim2020individual,
	title={Individual differences in perceptual adaptation to unfamiliar phonetic categories},
	author={Kim, Donghyun and Clayards, Meghan and Kong, Eun Jong},
	journal={Journal of Phonetics},
	volume={81},
	pages={100984},
	year={2020},
	publisher={Elsevier}
}

@article{schertz2016individual,
	title={Individual differences in perceptual adaptability of foreign sound categories},
	author={Schertz, Jessamyn and Cho, Taehong and Lotto, Andrew and Warner, Natasha},
	journal={Attention, Perception, \& Psychophysics},
	volume={78},
	number={1},
	pages={355--367},
	year={2016},
	publisher={Springer}
}

@article{schuhmann2016cross,
	title={Cross-linguistic perceptual learning in advanced second language listeners},
	author={Schuhmann, Katharina S},
	journal={Proceedings of the Linguistic Society of America},
	volume={1},
	pages={31--1},
	year={2016}
}

@article{lecumberri2010non,
	title={Non-native speech perception in adverse conditions: A review},
	author={Lecumberri, Maria Luisa Garcia and Cooke, Martin and Cutler, Anne},
	journal={Speech communication},
	volume={52},
	number={11-12},
	pages={864--886},
	year={2010},
	publisher={Elsevier}
}

@article{mcqueen2006phonological,
	title={Phonological abstraction in the mental lexicon},
	author={McQueen, James M and Cutler, Anne and Norris, Dennis},
	journal={Cognitive science},
	volume={30},
	number={6},
	pages={1113--1126},
	year={2006},
	publisher={Wiley Online Library}
}

@article{kraljic2006generalization,
	title={Generalization in perceptual learning for speech},
	author={Kraljic, Tanya and Samuel, Arthur G},
	journal={Psychonomic bulletin \& review},
	volume={13},
	number={2},
	pages={262--268},
	year={2006},
	publisher={Springer}
}

@article{eisner2005specificity,
	title={The specificity of perceptual learning in speech processing},
	author={Eisner, Frank and McQueen, James M},
	journal={Perception \& psychophysics},
	volume={67},
	number={2},
	pages={224--238},
	year={2005},
	publisher={Springer}
}


@article{gargesh2008indian,
	title={Indian English: Phonology},
	author={Gargesh, Ravinder},
	journal={Varieties of English},
	volume={4},
	pages={231--243},
	year={2008}
}

@misc{blp,
	title={Bilingual Language Profile: An Easy-to-Use Instrument to Assess Bilingualism. COERLL, University of Texas at Austin. Web. 20 Jan. 2012},
	author={Birdsong, D and Gertken, LM and Amengual, M},
	year={2012}
}

@misc{boersma2016praat,
	title={Praat: Doing phonetics by computer (Version 5.4. 15)[Computer Program]. Retrieved April 7, 2016},
	author={Boersma, P and Weenink, D},
	year={2016}
}

  @Manual{R,
	title = {R: A Language and Environment for Statistical Computing},
	author = {{R Core Team}},
	organization = {R Foundation for Statistical Computing},
	address = {Vienna, Austria},
	year = {2013},
	url = {http://www.R-project.org/},
}

@Manual{r,
	title = {R: A Language and Environment for Statistical Computing},
	author = {{R Core Team}},
	organization = {R Foundation for Statistical Computing},
	address = {Vienna, Austria},
	year = {2016},
	url = {https://www.R-project.org/},
}

-------------------------new_accommo

@article{elias2017effects,
	title={{The effects of code-switching and lexical stress on vowel quality and duration of heritage speakers of Spanish}},
	author={Elias, Vanessa and McKinnon, Sean and Milla-Mu{\~n}oz, {\'A}ngel},
	journal={Languages},
	volume={2},
	number={4},
	pages={29},
	year={2017},
	publisher={Multidisciplinary Digital Publishing Institute}
}

@article{simonet2014phonetic,
	title={Phonetic consequences of dynamic cross-linguistic interference in proficient bilinguals},
	author={Simonet, Miquel},
	journal={Journal of Phonetics},
	volume={43},
	pages={26--37},
	year={2014},
	publisher={Elsevier}
}

@article{muldner2019phonetics,
	title={The phonetics of code-switched vowels},
	author={Muldner, Kasia and Hoiting, Leah and Sanger, Leyna and Blumenfeld, Lev and Toivonen, Ida},
	journal={International Journal of Bilingualism},
	volume={23},
	number={1},
	pages={37--52},
	year={2019},
	publisher={SAGE Publications Sage UK: London, England}
}

@article{simonet2020increased,
	title={Increased language co-activation leads to enhanced cross-linguistic phonetic convergence},
	author={Simonet, Miquel and Amengual, Mark},
	journal={International Journal of Bilingualism},
	volume={24},
	number={2},
	pages={208--221},
	year={2020},
	publisher={SAGE Publications Sage UK: London, England}
}

@article{olson2016role,
	title={The role of code-switching and language context in bilingual phonetic transfer},
	author={Olson, Daniel J},
	journal={Journal of the International Phonetic Association},
	volume={46},
	number={3},
	pages={263--285},
	year={2016},
	publisher={Cambridge University Press}
}

@article{olson2013bilingual,
	title={{Bilingual language switching and selection at the phonetic level: Asymmetrical transfer in VOT production}},
	author={Olson, Daniel J},
	journal={Journal of Phonetics},
	volume={41},
	number={6},
	pages={407--420},
	year={2013},
	publisher={Elsevier}
}

@article{piccinini2015voice,
	title={{Voice onset time in Spanish--English spontaneous code-switching}},
	author={Piccinini, Page and Arvaniti, Amalia},
	journal={Journal of Phonetics},
	volume={52},
	pages={121--137},
	year={2015},
	publisher={Elsevier}
}

@inproceedings{schwartz2015language,
	title={{Language mode vs. L2 interference: Evidence from L1 Polish}},
	author={Schwartz, Geoffrey and Balas, Anna and Rojczyk, Arkadiusz},
	booktitle={{Proceedings of the International Congress of Phonetic Sciences (ICPhS). Glasgow, UK}},
	year={2015}
}

@inproceedings{vsimavckova2015immediate,
	title={Immediate phonetic interference in code-switching and interpreting},
	author={{\v{S}}im{\'a}{\v{c}}kov{\'a}, {\v{S}}{\'a}rka and Podlipsk{\`y}, V{\'a}clav J},
	booktitle={{Proceedings of the 18th International Congress of Phonetic Sciences (ICPhS). Glasgow, UK}},
	year={2015}
}

@article{vsimavckova2018patterns,
	title={Patterns of Short-Term Phonetic Interference in Bilingual Speech},
	author={{\v{S}}im{\'a}{\v{c}}kov{\'a}, {\v{S}}{\'a}rka and Podlipsk{\`y}, V{\'a}clav Jon{\'a}{\v{s}}},
	journal={Languages},
	volume={3},
	number={3},
	pages={34},
	year={2018},
	publisher={Multidisciplinary Digital Publishing Institute}
}

@article{tsui2019impact,
	title={{Impact of language dominance on phonetic transfer in Cantonese--English bilingual language switching}},
	author={Tsui, Rachel Ka-Ying and Tong, Xiuli and Chan, Chuck Siu Ki},
	journal={Applied Psycholinguistics},
	volume={40},
	number={1},
	pages={29--58},
	year={2019},
	publisher={Cambridge University Press}
}

@article{flege1987production,
	title={The production of “new” and “similar” phones in a foreign language: Evidence for the effect of equivalence classification},
	author={Flege, James Emil},
	journal={Journal of phonetics},
	volume={15},
	number={1},
	pages={47--65},
	year={1987},
	publisher={Elsevier}
}

@article{caramazza1973acquisition,
	title={{The acquisition of a new phonological contrast: The case of stop consonants in French-English bilinguals}},
	author={Caramazza, Alfonso and Yeni-Komshian, Grace H and Zurif, Edgar B and Carbone, Ettore},
	journal={The Journal of the Acoustical Society of America},
	volume={54},
	number={2},
	pages={421--428},
	year={1973},
	publisher={Acoustical Society of America}
}

@article{goldrick2014language,
	title={Language switching makes pronunciation less nativelike},
	author={Goldrick, Matthew and Runnqvist, Elin and Costa, Albert},
	journal={Psychological Science},
	volume={25},
	number={4},
	pages={1031--1036},
	year={2014},
	publisher={Sage Publications Sage CA: Los Angeles, CA}
}

@article{balukas2015spanish,
	title={Spanish-English bilingual voice onset time in spontaneous code-switching},
	author={Balukas, Colleen and Koops, Christian},
	journal={International Journal of Bilingualism},
	volume={19},
	number={4},
	pages={423--443},
	year={2015},
	publisher={SAGE Publications Sage UK: London, England}
}

@inproceedings{vsimavckova2015immediate,
	title={Immediate phonetic interference in code-switching and interpreting},
	author={{\v{S}}im{\'a}{\v{c}}kov{\'a}, {\v{S}}{\'a}rka and Podlipsk{\`y}, V{\'a}clav J},
	booktitle={Proceedings of the 18th International Congress of Phonetic Sciences. Glasgow, UK},
	year={2015}
}

@article{vsimavckova2018patterns,
	title={Patterns of Short-Term Phonetic Interference in Bilingual Speech},
	author={{\v{S}}im{\'a}{\v{c}}kov{\'a}, {\v{S}}{\'a}rka and Podlipsk{\`y}, V{\'a}clav Jon{\'a}{\v{s}}},
	journal={Languages},
	volume={3},
	number={3},
	pages={34},
	year={2018},
	publisher={Multidisciplinary Digital Publishing Institute}
}

@article{grosjean1998studying,
	title={Studying bilinguals: Methodological and conceptual issues},
	author={Grosjean, Fran{\c{c}}ois},
	journal={Bilingualism: Language and cognition},
	volume={1},
	number={2},
	pages={131--149},
	year={1998},
	publisher={Cambridge University Press}
}

@article{bohn1992production,
	title={{The production of new and similar vowels by adult German learners of English}},
	author={Bohn, Ocke-Schwen and Flege, James Emil},
	journal={Studies in Second Language Acquisition},
	pages={131--158},
	year={1992},
	publisher={JSTOR}
}

@article{khattab2013phonetic,
	title={{Phonetic convergence and divergence strategies in English-Arabic bilingual children}},
	author={Khattab, Ghada},
	journal={Linguistics},
	volume={51},
	number={2},
	pages={439--472},
	year={2013},
	publisher={De Gruyter Mouton}
}

@article{grosjean2012attempt,
	title={An attempt to isolate, and then differentiate, transfer and interference},
	author={Grosjean, Fran{\c{c}}ois},
	journal={International Journal of Bilingualism},
	volume={16},
	number={1},
	pages={11--21},
	year={2012},
	publisher={Sage Publications Sage UK: London, England}
}

@article{flege1984limits,
	title={Limits on phonetic accuracy in foreign language speech production},
	author={Flege, James Emil and Hillenbrand, James},
	journal={The Journal of the Acoustical Society of America},
	volume={76},
	number={3},
	pages={708--721},
	year={1984},
	publisher={Acoustical Society of America}
}

@article{flege1995second,
	title={Second language speech learning: Theory, findings, and problems},
	author={Flege, James E},
	journal={Speech perception and linguistic experience: Issues in cross-language research},
	volume={92},
	pages={233--277},
	year={1995}
}

@article{flege2007language,
	title={Language contact in bilingualism: Phonetic system interactions},
	author={Flege, James E},
	journal={Laboratory phonology},
	volume={9},
	pages={353--382},
	year={2007},
	publisher={Mouton de Gruyter Berlin}
}

@incollection{pandey201517,
	title={{Indian English Pronunciation}},
	author={Pandey, Pramod},
	booktitle={{The handbook of English pronunciation}},
	pages={301--319},
	year={2015},
	publisher={Wiley Online Library}
}

@book{wells1982accents,
	title={Accents of English: Volume 1},
	author={Wells, John C and Wells, John Corson},
	volume={1},
	year={1982},
	publisher={Cambridge University Press}
}

@book{kostic1972short,
	title={A short outline of Bengali phonetics},
	author={Kosti{\'c}, Djordje and Das, Rhea Stagner},
	year={1972},
	publisher={Statistical Pub. Society}
}

@article{chatterji1921bengali,
	title={Bengali phonetics},
	author={Chatterji, Suniti Kumar},
	journal={Bulletin of the School of Oriental Studies, University of London},
	volume={2},
	number={1},
	pages={1--25},
	year={1921},
	publisher={JSTOR}
}

@article{chatterji1921bengali,
	title={Bengali phonetics},
	author={Chatterji, Suniti Kumar},
	journal={Bulletin of the School of Oriental Studies, University of London},
	volume={2},
	number={1},
	pages={1--25},
	year={1921},
	publisher={JSTOR}
}

@article{bhattacharyarelated,
	title={Related Languages},
	author={Bhattacharya, Tanmoy}
}

@article{tollefson2014language,
	title={Language diversity and language policy in educational access and equity},
	author={Tollefson, James W and Tsui, Amy BM},
	journal={Review of Research in Education},
	volume={38},
	number={1},
	pages={189--214},
	year={2014},
	publisher={SAGE Publications Sage CA: Los Angeles, CA}
}

@Book{garry2001facts,
author = {Rubino, Carl R. Galvez. and Garry, Jane},
title = {{Facts about the world's languages : an encyclopedia of the world's major languages, past and present / edited by Jane Garry and Carl Rubino; contributing linguistics editors, Adams B. Dodomo, Alice Faber, Robert French}},
isbn = { 0824209702 },
publisher = { H.W. Wilson New York },
pages = { p. cm. },
year = { 2001 },
type = { Book },
language = { English },
subjects = { Language and languages -- Handbooks, manuals, etc. },
life-dates = { 2001 -  },
catalogue-url = { https://nla.gov.au/nla.cat-vn71392 },
}



@article{green1986control,
	title={Control, activation, and resource: A framework and a model for the control of speech in bilinguals},
	author={Green, David W},
	journal={Brain and language},
	volume={27},
	number={2},
	pages={210--223},
	year={1986},
	publisher={Elsevier}
}

@article{green1998mental,
	title={Mental control of the bilingual lexico-semantic system},
	author={Green, David W},
	journal={Bilingualism: Language and cognition},
	volume={1},
	number={2},
	pages={67--81},
	year={1998},
	publisher={Cambridge University Press}
}

@article{paradis1993linguistic,
	title={{Linguistic, psycholinguistic, and neurolinguistic aspects of ``interference'' in bilingual speakers: The activation threshold hypothesis}},
	author={Paradis, Michel},
	journal={International Journal of Psycholinguistics},
	volume={9},
	pages = {133--145},
	year={1993},
	publisher={Ctr for Academic Societies Japan}
}

@incollection{best2007nonnative,
	title={Nonnative and second-language speech perception},
	author={Best, Catherine T and Tyler, Michael},
	booktitle={{Language experience in second language speech learning: In honour of James Emil Flege}},
	editor = {Ocke-Schwen Bohn and Murray J. Munro},
	pages={13--34},
	year={2007}
}

@article{dmitrieva2020acoustic,
	title={{Acoustic correlates of the four-way laryngeal contrast in Marathi}},
	author={Dmitrieva, Olga and Dutta, Indranil},
	journal={Phonetica},
	volume={77},
	number={3},
	pages={209--237},
	year={2020},
	publisher={Karger Publishers}
}



@book{myers1993dueling,
	title={{Dueling languages: Grammatical structure in code-switching}},
	author={Myers-Scotton, Carol},
	year={1993},
	publisher={Clarendon Press}
}

@Article{lme4,
	title = {Fitting Linear Mixed-Effects Models Using {lme4}},
	author = {Douglas Bates and Martin M{\"a}chler and Ben Bolker and
	Steve Walker},
	journal = {Journal of Statistical Software},
	year = {2015},
	volume = {67},
	number = {1},
	pages = {1--48},
	doi = {10.18637/jss.v067.i01},
}

@article{winter2013linear,
	title={Linear models and linear mixed effects models in R: Tutorial 11},
	author={Winter, Bodo},
	journal={arXiv preprint arXiv:1308.5499},
	year={2013}
}

@article{bates2015parsimonious,
	title={Parsimonious mixed models},
	author={Bates, Douglas and Kliegl, Reinhold and Vasishth, Shravan and Baayen, Harald},
	journal={arXiv preprint arXiv:1506.04967},
	year={2015}
}

@article{brauer2018linear,
	title={Linear mixed-effects models and the analysis of nonindependent data: A unified framework to analyze categorical and continuous independent variables that vary within-subjects and/or within-items.},
	author={Brauer, Markus and Curtin, John J},
	journal={Psychological Methods},
	volume={23},
	number={3},
	pages={389},
	year={2018},
	publisher={American Psychological Association}
}

@inproceedings{dutta2016using,
	title={Using {ANNs} for vowel identification from {V-to-V coarticulation in non-harmonic VCV sequences}},
	author={Dutta, Indranil and Shailendra, Irfan. and Harsha, K.R.S.},
	booktitle={{15th LabPhon. July 13-16th, 2016, Cornell University, Ithaca, NY USA}},
	year={2016}
}

@article{macleod2010impact,
	title={What is the impact of age of second language acquisition on the production of consonants and vowels among childhood bilinguals?},
	author={MacLeod, Andrea AN and Stoel-Gammon, Carol},
	journal={International Journal of Bilingualism},
	volume={14},
	number={4},
	pages={400--421},
	year={2010},
	publisher={SAGE Publications Sage UK: London, England}
}

@article{bosch2003simultaneous,
	title={Simultaneous bilingualism and the perception of a language-specific vowel contrast in the first year of life},
	author={Bosch, Laura and Sebasti{\'a}n-Gall{\'e}s, N{\'u}ria},
	journal={Language and speech},
	volume={46},
	number={2-3},
	pages={217--243},
	year={2003},
	publisher={SAGE Publications Sage UK: London, England}
}

@article{fowler2008cross,
	title={{Cross language phonetic influences on the speech of French--English bilinguals}},
	author={Fowler, Carol A and Sramko, Valery and Ostry, David J and Rowland, Sarah A and Hall{\'e}, Pierre},
	journal={Journal of Phonetics},
	volume={36},
	number={4},
	pages={649--663},
	year={2008},
	publisher={Elsevier}
}

@article{flege2002assessing,
	title={Assessing bilingual dominance},
	author={Flege, James Emil and MacKay, Ian RA and Piske, Thorsten},
	journal={Applied Psycholinguistics},
	volume={23},
	number={4},
	pages={567--598},
	year={2002}
}

@book{nihalani1979indian,
	title={{Indian and British English: A handbook of usage and pronunciation}},
	author={Nihalani, Paroo and Tongue, Ray K and Hosali, Priya and Crowther, Jonathan},
	year={1979},
	publisher={Oxford University Press Delhi}
}

@book{hickey2005legacies,
	title={{Legacies of colonial English: Studies in transported dialects}},
	author={Hickey, Raymond},
	year={2005},
	publisher={Cambridge University Press}
}

@book{bansal1969intelligibility,
	title={The intelligibility of Indian English: Measurements of the intelligibility of connected speech, and sentence and word material, presented to listeners of different nationalities},
	author={Bansal, Ram Krishna},
	year={1969},
	publisher={Central Institute of English;[available from Orient Longmans, Madras]}
}

@book{melchers2019world,
	title={World Englishes},
	author={Melchers, Gunnel and Shaw, Philip and Sundkvist, Peter},
	year={2019},
	publisher={Routledge}
}

@article{coelho1997anglo,
	title={{Anglo-Indian English}: A nativized variety of Indian English},
	author={Coelho, Gail M},
	journal={Language in Society},
	pages={561--589},
	year={1997},
	publisher={JSTOR}
}

@book{kachru1983indianization,
	title={{The indianization of English: the English language in India}},
	author={Kachru, Braj B},
	year={1983},
	publisher={Oxford University Press}
}

@misc{kachru1981english,
	title={{English for cross-cultural communication}},
	author={Kachru, BB and Smith, LE},
	year={1981},
	publisher={London: Macmillan Press}
}

@misc{dutta2021, 
	title={{Bengali Vowel Formant Data extracted from the Shruti Corpus}}, 
	publisher = {OSF},
	url={osf.io/2vpdm}, author={Dutta, Indranil}, 
	year={2021}, 
	month={Jun}}

@Manual{phonR,
	title = {phonR: tools for phoneticians and phonologists},
	author = {Daniel R. McCloy},
	year = {2016},
	note = {R package version 1.0-7},
}

@Article{simr,
	title = {simr: an R package for power analysis of generalised linear mixed models by simulation},
	author = {Peter Green and Catriona J. MacLeod},
	journal = {Methods in Ecology and Evolution},
	volume = {7},
	number = {4},
	pages = {493--498},
	year = {2016},
	doi = {10.1111/2041-210X.12504},
	url = {https://CRAN.R-project.org/package=simr},
}


@Article{lmerTest,
	title = {{lmerTest} Package: Tests in Linear Mixed Effects Models},
	author = {Alexandra Kuznetsova and Per B. Brockhoff and Rune H. B. Christensen},
	journal = {Journal of Statistical Software},
	year = {2017},
	volume = {82},
	number = {13},
	pages = {1--26},
	doi = {10.18637/jss.v082.i13},
}

@article{brysbaert2018power,
	title={Power analysis and effect size in mixed effects models: A tutorial},
	author={Brysbaert, Marc and Stevens, Micha{\"e}l},
	journal={Journal of cognition},
	volume={1},
	number={1},
	year={2018},
	publisher={Ubiquity Press}
}

@Manual{ematools,
	title = {EMAtools: Data Management Tools for Real-Time Monitoring/Ecological
	Momentary Assessment Data},
	author = {Evan Kleiman},
	year = {2021},
	note = {R package version 0.1.4},
	url = {https://CRAN.R-project.org/package=EMAtools},
}

@article{kumle2021estimating,
	title={Estimating power in (generalized) linear mixed models: An open introduction and tutorial in R},
	author={Kumle, Leah and V{\~o}, Melissa L-H and Draschkow, Dejan},
	journal={Behavior research methods},
	volume={53},
	number={6},
	pages={2528--2543},
	year={2021},
	publisher={Springer}
}

@inproceedings{shruticorpus,
	title={Bengali speech corpus for continuous auutomatic speech recognition system},
	author={Das, Biswajit and Mandal, Sandipan and Mitra, Pabitra},
	booktitle={2011 International conference on speech database and assessments (Oriental COCOSDA)},
	pages={51--55},
	year={2011},
	organization={IEEE}
}

@article{dziak2020interpretation,
	title={The interpretation of statistical power after the data have been gathered},
	author={Dziak, John Joseph and Dierker, Lisa C and Abar, Beau},
	journal={Current Psychology},
	volume={39},
	number={3},
	pages={870--877},
	year={2020},
	publisher={Springer}
}

@article{hoenig2001abuse,
	title={The abuse of power: the pervasive fallacy of power calculations for data analysis},
	author={Hoenig, John M and Heisey, Dennis M},
	journal={The American Statistician},
	volume={55},
	number={1},
	pages={19--24},
	year={2001},
	publisher={Taylor \& Francis}
}

@article{gelman2019observed_effect_size,
	title={Don’t calculate post-hoc power using observed estimate of effect size},
	author={Gelman, Andrew},
	journal={Annals of surgery},
	volume={269},
	number={1},
	pages={e9--e10},
	year={2019},
	publisher={LWW}
}

@article{gelman2014beyond,
	title={Beyond power calculations: Assessing type S (sign) and type M (magnitude) errors},
	author={Gelman, Andrew and Carlin, John},
	journal={Perspectives on Psychological Science},
	volume={9},
	number={6},
	pages={641--651},
	year={2014},
	publisher={Sage Publications Sage CA: Los Angeles, CA}
}

@book{cohen1988statistical,
	title={Statistical power analysis for the behavioral sciences},
	author={Cohen, Jacob},
	year={1988},
	publisher={Routledge}
}

@article{leap-q,
	title={The Language Experience and Proficiency Questionnaire (LEAP-Q): Assessing language profiles in bilinguals and multilinguals},
	author={Marian, Viorica and Blumenfeld, Henrike K and Kaushanskaya, Margarita},
	year={2007},
	publisher={ASHA}
}

@article{stuart2011hybridity,
	title={Hybridity and ethnic accents},
	author={Stuart-Smith, Jane and Timmins, Claire and Alam, Farhana and Gregersen, Frans and Parrot, Jeffrey and Quist, Pia},
	journal={Selected Papers ICLaVE Amsterdam: Benjamins},
	volume={5},
	pages={43--57},
	year={2011}
}

@article{stuart2011hybridity,
	title={Hybridity and ethnic accents},
	author={Stuart-Smith, Jane and Timmins, Claire and Alam, Farhana and Gregersen, Frans and Parrot, Jeffrey and Quist, Pia},
	journal={Selected Papers ICLaVE Amsterdam: Benjamins},
	volume={5},
	pages={43--57},
	year={2011}
}

@phdthesis{agnihotri1979processes,
	title={Processes of Assimilation: A Sociolinguistic Study of Sikh Children in Leeds.},
	author={Agnihotri, Rama Kant},
	year={1979},
	school={University of York}
}

@article{wiltshire2001indian_english,
	author = {Wiltshire, Caroline},
	year = {2005},
	month = {10},
	pages = {275-300},
	title = {The "Indian English" of Tibeto-Burman Language Speakers},
	volume = {26},
	journal = {English World-Wide},
	doi = {10.1075/eww.26.3.03wil}
}

@article{ghosh2016bengali_vowels,
	author = {Ghosh, Sajib},
	year = {2016},
	month = {10},
	pages = {2278-742},
	title = {Vowel Sound Change in Progress: A Cross-Generational Study of Navaron Dialect},
	volume = {5},
	journal = {International Journal of English: Literature, Language & Skills IJELLS}
}
